<collection xmlns="http://www.loc.gov/MARC21/slim">
<record>
  <leader>01571nam0a22002651i 450 </leader>
  <controlfield tag="001">IT\ICCU\CNCE\045043</controlfield>
  <controlfield tag="005">19990125000000.0</controlfield>
  <datafield tag="012" ind1=" " ind2=" ">
    <subfield code="a">lei- o.o. n-el chAn (3) 1586 (R)</subfield>
    <subfield code="2">fei</subfield>
  </datafield>
  <datafield tag="100" ind1=" " ind2=" ">
    <subfield code="a">19990120d1586        0itac0103    ba</subfield>
  </datafield>
  <datafield tag="101" ind1=" " ind2=" ">
    <subfield code="a">ITA</subfield>
  </datafield>
  <datafield tag="102" ind1=" " ind2=" ">
    <subfield code="a">IT</subfield>
  </datafield>
  <datafield tag="200" ind1="1" ind2=" ">
    <subfield code="a"></subfield>
  </datafield>
  <datafield tag="210" ind1=" " ind2=" ">
    <subfield code="a">In Venetia</subfield>
    <subfield code="c">appresso Domenico</subfield>
    <subfield code="d">&amp; Gio. Battista Guerra</subfield>
    <subfield code="d">fratelli</subfield>
    <subfield code="d">1586</subfield>
  </datafield>
  <datafield tag="215" ind1=" " ind2=" ">
    <subfield code="a">\16! , 815 , \1! p.</subfield>
    <subfield code="c">ill.</subfield>
    <subfield code="d"></subfield>
  </datafield>
  <datafield tag="300" ind1=" " ind2=" ">
    <subfield code="a"></subfield>
  </datafield>
  <datafield tag="700" ind1=" " ind2="0">
    <subfield code="a">Iacopo</subfield>
    <subfield code="c"> : da#Varazze</subfield>
    <subfield code="3">IT\ICCU\CNCA\006564</subfield>
  </datafield>
  <datafield tag="702" ind1=" " ind2="1">
    <subfield code="a">Malerbi,</subfield>
    <subfield code="b"></subfield>
    <subfield code="3">IT\ICCU\CNCA\010498</subfield>
  </datafield>
  <datafield tag="790" ind1=" " ind2="0">
    <subfield code="a">Iacopo</subfield>
    <subfield code="c"> : da#Varagine</subfield>
    <subfield code="3">IT\ICCU\CNCA\012025</subfield>
    <subfield code="z">Iacopo : da#Varazze</subfield>
  </datafield>
  <datafield tag="790" ind1=" " ind2="0">
    <subfield code="a">Jacobus</subfield>
    <subfield code="c"> : de#Voragine</subfield>
    <subfield code="3">IT\ICCU\CNCA\016071</subfield>
    <subfield code="z">Iacopo : da#Varazze</subfield>
  </datafield>
  <datafield tag="790" ind1=" " ind2="0">
    <subfield code="a">Giacomo</subfield>
    <subfield code="c"> : da#Varazze</subfield>
    <subfield code="3">IT\ICCU\CNCA\018588</subfield>
    <subfield code="z">Iacopo : da#Varazze</subfield>
  </datafield>
  <datafield tag="790" ind1=" " ind2="1">
    <subfield code="a">Manerbio,</subfield>
    <subfield code="b"></subfield>
    <subfield code="3">IT\ICCU\CNCA\016078</subfield>
    <subfield code="z"></subfield>
  </datafield>
  <datafield tag="790" ind1=" " ind2="1">
    <subfield code="a">Malermi,</subfield>
    <subfield code="b"></subfield>
    <subfield code="3">IT\ICCU\CNCA\020655</subfield>
    <subfield code="z"></subfield>
  </datafield>
  <datafield tag="790" ind1=" " ind2="1">
    <subfield code="a">Manerbi,</subfield>
    <subfield code="b"></subfield>
    <subfield code="3">IT\ICCU\CNCA\028707</subfield>
    <subfield code="z"></subfield>
  </datafield>
  <datafield tag="801" ind1=" " ind2="3">
    <subfield code="a">IT</subfield>
    <subfield code="b">ICCU</subfield>
    <subfield code="c">20201114</subfield>
  </datafield>
  <datafield tag="899" ind1=" " ind2=" ">
    <subfield code="a">Biblioteca nazionale centrale. Roma</subfield>
    <subfield code="1">RM0267</subfield>
    <subfield code="2">BVE CR</subfield>
  </datafield>
</record>
</collection>
